<record xmlns='http://www.loc.gov/MARC21/slim'><leader>01157cim a22003252u 4500</leader><controlfield tag='001'>3601498</controlfield><controlfield tag='005'>20151214182854.0</controlfield><controlfield tag='007'>ss|lmnjluz|nuu</controlfield><controlfield tag='008'>991101s1983    nyunnn         l    eng d</controlfield><datafield ind1=' ' ind2=' ' tag='035'><subfield code='a'>(NIC)notisASF8563</subfield></datafield><datafield ind1=' ' ind2=' ' tag='035'><subfield code='a'>3601498</subfield></datafield><datafield ind1=' ' ind2=' ' tag='035'><subfield code='a'>(OCoLC)63897704</subfield></datafield><datafield ind1=' ' ind2=' ' tag='040'><subfield code='a'>NIC</subfield><subfield code='c'>NIC</subfield><subfield code='d'>NIC</subfield><subfield code='d'>NIC</subfield></datafield><datafield ind1='1' ind2=' ' tag='100'><subfield code='a'>Benítez Rojo, Antonio,</subfield><subfield code='d'>1931-2005.</subfield></datafield><datafield ind1='1' ind2='3' tag='245'><subfield code='a'>La cultura caribena en la Cuba actual:  continuidad versus reptura</subfield><subfield code='h'>[sound recording]</subfield></datafield><datafield ind1=' ' ind2=' ' tag='260'><subfield code='c'>1983.</subfield></datafield><datafield ind1=' ' ind2=' ' tag='300'><subfield code='a'>1 sound cassette (57 min.) :</subfield><subfield code='b'>analog, mono.</subfield></datafield><datafield ind1=' ' ind2=' ' tag='500'><subfield code='a'>Recorded in Ithaca, NY by Cornell University.</subfield></datafield><datafield ind1=' ' ind2=' ' tag='518'><subfield code='a'>Lecture, March 17, 1983.</subfield></datafield><datafield ind1=' ' ind2=' ' tag='520'><subfield code='a'>Benitez-Rojo describes the Caribbean influence on Cuban culture.</subfield></datafield><datafield ind1=' ' ind2='0' tag='651'><subfield code='a'>Cuba</subfield><subfield code='x'>Intellectual life.</subfield></datafield><datafield ind1=' ' ind2='0' tag='650'><subfield code='a'>Cuban literature</subfield><subfield code='y'>20th century.</subfield></datafield><datafield ind1=' ' ind2='0' tag='651'><subfield code='a'>Cuba</subfield><subfield code='x'>Civilization</subfield><subfield code='x'>Caribbean influences.</subfield></datafield><datafield ind1=' ' ind2='7' tag='648'><subfield code='a'>1900 - 1999</subfield><subfield code='2'>fast</subfield></datafield><datafield ind1=' ' ind2='7' tag='650'><subfield code='a'>Cuban literature</subfield><subfield code='2'>fast</subfield><subfield code='0'>(OCoLC)fst00884812</subfield></datafield><datafield ind1=' ' ind2='7' tag='650'><subfield code='a'>Intellectual life</subfield><subfield code='2'>fast</subfield><subfield code='0'>(OCoLC)fst00975769</subfield></datafield><datafield ind1=' ' ind2='7' tag='651'><subfield code='a'>Cuba</subfield><subfield code='2'>fast</subfield><subfield code='0'>(OCoLC)fst01205805</subfield></datafield><datafield ind1='1' ind2=' ' tag='899'><subfield code='a'>CULectures</subfield></datafield><datafield ind1=' ' ind2=' ' tag='905'><subfield code='a'>20000330120000.0</subfield></datafield><datafield ind1='2' ind2=' ' tag='948'><subfield code='a'>20141221</subfield><subfield code='b'>m</subfield><subfield code='d'>batch</subfield><subfield code='e'>lts</subfield><subfield code='x'>addfast</subfield></datafield></record>